@article{lien2014broadband,
  title={Broadband optical cooling of molecular rotors from room temperature to the ground state},
  author={Lien, Chien-Yu and Seck, Christopher M and Lin, Yen-Wei and Nguyen, Jason HV and Tabor, David A and Odom, Brian C},
  journal={Nature Communications},
  volume={5},
  number={1},
  pages={1--7},
  year={2014},
  publisher={Nature Publishing Group}
}