@article{Olsen1988,
    abstract = {A restricted active space (RAS) wave function is introduced, which encompasses many commonly used restricted CI expansions. A highly vectorized algorithm is developed for full CI and other RAS calculations. The algorithm is based on Slater determinants expressed as products of alphastrings and betastrings and lends itself to a matrix indexing C(I$\alpha$,I$\beta$) of the CI vector. The major features are: (1) The intermediate summation over determinants is replaced by two intermediate summations over strings, the number of which is only the square root of the number of determinants. (2) Intermediate summations over strings outside the RAS CI space is avoided and RAS calculations are therefore almost as efficient as full CI calculations with the same number of determinants. (3) An additional simplification is devised for Ms = 0 states, halving the number of operations. For a case with all single and double replacements out from 415 206 Slater determinants yielding 1 136 838 Slater determinants each CI iteration takes 161 s on an IBM 3090/150(VF). {\textcopyright} 1988 American Institute of Physics.},
    author = {Olsen, Jeppe and Roos, Bj{\"{o}}rn O. and J{\o}rgensen, Poul and Jensen, Hans J{\o}rgen Aa},
    doi = {10.1063/1.455063},
    file = {:Users/antonio/Dropbox/Mendeley{\_}Desktop/Olsen et al/2012/Olsen et al.{\_}2012{\_}Determinant based configuration interaction algorithms for complete and restricted configuration interaction spaces De.pdf:pdf},
    issn = {00219606},
    journal = {J. Chem. Phys.},
    number = {4},
    pages = {2185--2192},
    title = {{Determinant based configuration interaction algorithms for complete and restricted configuration interaction spaces}},
    volume = {89},
    year = {1988}
}


@article{Jensen2010,
    abstract = {The previously proposed pcJ-n basis sets, optimized for calculating indirect nuclear spin-spin coupling constants using density functional methods, are re-evaluated for finding the optimum contraction scheme as a compromise between computational efficiency and minimizing contraction errors. An exhaustive search is performed for the H2, F2 and P2 molecules, and candidates for optimum contraction schemes are evaluated for a larger test set of 21 molecules. Using the criterion that the contraction error should not exceed the basis set error relative to the basis set limit, the optimum contraction is defined for each basis set. The results show that it is difficult to contract basis sets for calculating spin-spin coupling constants to any significant degree without losing the inherent accuracy. The work provides guidelines for searching for optimum contraction schemes for other properties and/or at theoretical levels where a systematic search is impractical. {\textcopyright} 2009 Springer-Verlag.},
    author = {Jensen, Frank},
    doi = {10.1007/s00214-009-0699-5},
    file = {:Users/antonio/Dropbox/Mendeley{\_}Desktop/Jensen/2010/Jensen{\_}2010{\_}The optimum contraction of basis sets for calculating spin – spin coupling constants.pdf:pdf},
    issn = {1432881X},
    journal = {Theor. Chem. Acc.},
    keywords = {Basis set contraction,DFT,Spin-spin coupling constants},
    number = {5},
    pages = {371--382},
    title = {{The optimum contraction of basis sets for calculating spin-spin coupling constants}},
    volume = {126},
    year = {2010}
}

@article{lien2014broadband,
  title={Broadband optical cooling of molecular rotors from room temperature to the ground state},
  author={Lien, Chien-Yu and Seck, Christopher M and Lin, Yen-Wei and Nguyen, Jason HV and Tabor, David A and Odom, Brian C},
  journal={Nature Communications},
  volume={5},
  number={1},
  pages={1--7},
  year={2014},
  publisher={Nature Publishing Group}
}

@article{szajna2011high,
  title={High-resolution emission spectroscopy of the {A}$^{2}{\Pi}$--{X}$^{2}{\Sigma}^{+}$ system of {AlH}$^{+}$},
  author={Szajna, Wojciech and Zachwieja, Miros{\l}aw},
  journal={Journal of Molecular Spectroscopy},
  volume={269},
  number={1},
  pages={56--60},
  year={2011},
  publisher={Elsevier}
}

@article{almy1934band,
  title={The band spectrum of ionized aluminum hydride},
  author={Almy, GM and Watson, MC},
  journal={Physical Review},
  volume={45},
  number={12},
  pages={871},
  year={1934},
  publisher={APS}
}

@article{kobayashi2019measurement,
  title={Measurement of the variation of electron-to-proton mass ratio using ultracold molecules produced from laser-cooled atoms},
  author={Kobayashi, Jun and Ogino, Atsushi and Inouye, Shin},
  journal={Nature Communications},
  volume={10},
  number={1},
  pages={1--5},
  year={2019},
  publisher={Nature Publishing Group}
}

@article{demille2008enhanced,
  title={Enhanced sensitivity to variation of m$_{e}$/m$_{p}$ in molecular spectra},
  author={DeMille, D and Sainis, S and Sage, J and Bergeman, T and Kotochigova, S and Tiesinga, E},
  journal={Physical Review Letters},
  volume={100},
  number={4},
  pages={043202},
  year={2008},
  publisher={APS}
}

@article{andreev2018improved,
  title={Improved limit on the electric dipole moment of the electron},
  author={Andreev, Vitaly and Hutzler, NR},
  journal={Nature},
  volume={562},
  number={7727},
  pages={355--360},
  year={2018},
  publisher={Nature Publishing Group}
}

@article{biesheuvel2016probing,
  title={Probing {QED} and fundamental constants through laser spectroscopy of vibrational transitions in {HD}$^{+}$},
  author={Biesheuvel, J and Karr, J-Ph and Hilico, L and Eikema, KSE and Ubachs, W and Koelemeij, JCJ},
  journal={Nature Communications},
  volume={7},
  pages={10385},
  year={2016},
  publisher={Nature Publishing Group}
}

@incollection{grandstrand:2004,
  author      = {Susanne F. Yelin, Dave DeMille and Robin Côté},
  title       = {Quantum Information Processing with Ultracold Polar Molecules},
  editor      = {R. V. Krems and W. C. Stwalley and B. Friedrich},
  booktitle   = {Cold Molecules: Theory, Experiment, Applications},
  publisher   = {CRC Press},
  year        = {2009},
  pages       = {629},
  chapter     = {17}
}

@article{soderberg2009ultracold,
  title={Ultracold molecules: vehicles to scalable quantum information processing},
  author={Soderberg, Kathy-Anne Brickman and Gemelke, Nathan and Chin, Cheng},
  journal={New Journal of Physics},
  volume={11},
  number={5},
  pages={055022},
  year={2009},
  publisher={IOP Publishing}
}

@article{balakrishnan2016perspective,
  title={Perspective: Ultracold molecules and the dawn of cold controlled chemistry},
  author={Balakrishnan, N},
  journal={The Journal of Chemical Physics},
  volume={145},
  number={15},
  pages={150901},
  year={2016},
  publisher={AIP Publishing LLC}
}

@article{de2011controlling,
  title={Controlling the quantum stereodynamics of ultracold bimolecular reactions},
  author={De Miranda, MHG and Chotia, A and Neyenhuis, B and Wang, D and Qu{\'e}m{\'e}ner, G and Ospelkaus, Silke and Bohn, JL and Ye, J and Jin, DS},
  journal={Nature Physics},
  volume={7},
  number={6},
  pages={502--507},
  year={2011},
  publisher={Nature Publishing Group}
}

@article{bohn2017cold,
  title={Cold molecules: Progress in quantum engineering of chemistry and quantum matter},
  author={Bohn, John L and Rey, Ana Maria and Ye, Jun},
  journal={Science},
  volume={357},
  number={6355},
  pages={1002--1010},
  year={2017},
  publisher={American Association for the Advancement of Science}
}

@article{ohmori2017special,
  title={Special issue on addressing many-body problems with cold atoms and molecules},
  author={Ohmori, Kenji and Pupillo, Guido and Thywissen, Joseph H and Weidem{\"u}ller, Matthias},
  journal={Journal of Physics B: Atomic, Molecular and Optical Physics},
  volume={51},
  number={2},
  pages={020201},
  year={2017},
  publisher={IOP Publishing}
}

@article{wei2011entanglement,
  title={Entanglement of polar molecules in pendular states},
  author={Wei, Qi and Kais, Sabre and Friedrich, Bretislav and Herschbach, Dudley},
  journal={The Journal of Chemical Physics},
  volume={134},
  number={12},
  pages={124107},
  year={2011},
  publisher={American Institute of Physics}
}

@article{ospelkaus2008efficient,
  title={Efficient state transfer in an ultracold dense gas of heteronuclear molecules},
  author={Ospelkaus, Silke and Pe’Er, A and Ni, K-K and Zirbel, JJ and Neyenhuis, B and Kotochigova, S and Julienne, PS and Ye, J and Jin, DS},
  journal={Nature Physics},
  volume={4},
  number={8},
  pages={622--626},
  year={2008},
  publisher={Nature Publishing Group}
}

@article{park2015ultracold,
  title={Ultracold dipolar gas of fermionic {Na}$_{23}${K}$_{40}$ molecules in their absolute ground state},
  author={Park, Jee Woo and Will, Sebastian A and Zwierlein, Martin W},
  journal={Physical Review Letters},
  volume={114},
  number={20},
  pages={205302},
  year={2015},
  publisher={APS}
}

@article{bressel2012manipulation,
  title={Manipulation of individual hyperfine states in cold trapped molecular ions and application to {HD}$^{+}$ frequency metrology},
  author={Bressel, U and Borodin, A and Shen, J and Hansen, M and Ernsting, I and Schiller, S},
  journal={Physical review letters},
  volume={108},
  number={18},
  pages={183003},
  year={2012},
  publisher={APS}
}

@article{schneider2010all,
  title={All-optical preparation of molecular ions in the rovibrational ground state},
  author={Schneider, Tobias and Roth, B and Duncker, H and Ernsting, I and Schiller, S},
  journal={Nature Physics},
  volume={6},
  number={4},
  pages={275--278},
  year={2010},
  publisher={Nature Publishing Group}
}

@article{lien2011optical,
  title={Optical pulse-shaping for internal cooling of molecules},
  author={Lien, Chien-Yu and Williams, Scott R and Odom, Brian},
  journal={Physical Chemistry Chemical Physics},
  volume={13},
  number={42},
  pages={18825--18829},
  year={2011},
  publisher={Royal Society of Chemistry}
}

@article{western2017pgopher,
  title={PGOPHER: A program for simulating rotational, vibrational and electronic spectra},
  author={Western, Colin M},
  journal={Journal of Quantitative Spectroscopy and Radiative Transfer},
  volume={186},
  pages={221--242},
  year={2017},
  publisher={Elsevier}
}

@article{le2017level,
  title={LEVEL: A computer program for solving the radial Schr{\"o}dinger equation for bound and quasibound levels},
  author={Le Roy, Robert J},
  journal={Journal of Quantitative Spectroscopy and Radiative Transfer},
  volume={186},
  pages={167--178},
  year={2017},
  publisher={Elsevier}
}

@article{daltonpaper,
author={K\k{e}stutis Aidas and Celestino Angeli and Keld L. Bak and Vebj\o{}rn Bakken and Radovan Bast and
Linus Boman and Ove Christiansen and Renzo Cimiraglia and Sonia Coriani and 
P\aa{}l Dahle and Erik K. Dalskov and Ulf Ekstr\"{o}m and Thomas Enevoldsen and 
Janus J. Eriksen and Patrick Ettenhuber and Berta Fern\'{a}ndez and 
Lara Ferrighi and Heike Fliegl and Luca Frediani and Kasper Hald and 
Asger Halkier and Christof H\"{a}ttig and Hanne Heiberg and 
Trygve Helgaker and Alf Christian Hennum and Hinne Hettema and 
Eirik Hjerten\ae{}s and Stinne H\o{}st and Ida-Marie H\o{}yvik and 
Maria Francesca Iozzi and Branislav Jans\'{i}k and Hans J\o{}rgen {\relax Aa}.~Jensen and 
Dan Jonsson and Poul J\o{}rgensen and Joanna Kauczor and 
Sheela Kirpekar and Thomas Kj\ae{}rgaard and Wim Klopper and 
Stefan Knecht and Rika Kobayashi and Henrik Koch and Jacob Kongsted and 
Andreas Krapp and Kasper Kristensen and Andrea Ligabue and 
Ola B Lutn\ae{}s and Juan I. Melo and Kurt V. Mikkelsen and Rolf H. Myhre and 
Christian Neiss and Christian B. Nielsen and Patrick Norman and 
Jeppe Olsen and J\'{o}gvan Magnus H. Olsen and Anders Osted and 
Martin J. Packer and Filip Pawlowski and Thomas B. Pedersen and 
Patricio F. Provasi and Simen Reine and Zilvinas Rinkevicius and 
Torgeir A. Ruden and Kenneth Ruud and Vladimir V. Rybkin and 
Pawel Sa\l{}ek and Claire C. M. Samson and Alfredo S\'{a}nchez de Mer\'{a}s and 
Trond Saue and Stephan P. A. Sauer and Bernd Schimmelpfennig and 
Kristian Sneskov and Arnfinn H. Steindal and Kristian O. Sylvester-Hvid and 
Peter R. Taylor and Andrew M. Teale and Erik I. Tellgren and 
David P. Tew and Andreas J. Thorvaldsen and Lea Th\o{}gersen and 
Olav Vahtras and Mark A. Watson and David J. D. Wilson and 
Marcin Ziolkowski and Hans \AA{}gren},
title={{The Dalton quantum chemistry program system}},
journal={WIREs Comput.~Mol.~Sci.},
    year = {2014},
    volume = {4},
    pages = {269--284},
    number = {3},
    doi = {10.1002/wcms.1172}
}

@misc{daltonwebpage,
    year  = {2018},
    title = {Dalton, a molecular electronic structure program},
    note  = {Release v2018.2 (2018), see \url{http://daltonprogram.org}}, 
}

@article{nguyen2011challenges,
  title={Challenges of laser-cooling molecular ions},
  author={Nguyen, Jason HV and Viteri, C Ricardo and Hohenstein, Edward G and Sherrill, C David and Brown, Kenneth R and Odom, Brian},
  journal={New Journal of Physics},
  volume={13},
  number={6},
  pages={063023},
  year={2011},
  publisher={IOP Publishing}
}

@article{kokish2018prospects,
  title={Prospects for a polar-molecular-ion optical probe of varying proton-electron mass ratio},
  author={Kokish, Mark G and Stollenwerk, Patrick R and Kajita, Masatoshi and Odom, Brian C},
  journal={Physical Review A},
  volume={98},
  number={5},
  pages={052513},
  year={2018},
  publisher={APS}
}

@article{stollenwerk2018optical,
  title={Optical Pumping of {TeH}$^{+}$: Implications for the search for varying mp/me},
  author={Stollenwerk, Patrick R and Kokish, Mark G and Oliveira-Filho, De and Antonio, GS and Ornellas, Fernando R and Odom, Brian C},
  journal={Atoms},
  volume={6},
  number={3},
  pages={53},
  year={2018},
  publisher={Multidisciplinary Digital Publishing Institute}
}

@article{aroch2018optimizing,
  title={Optimizing the multicycle subrotational internal cooling of diatomic molecules},
  author={Aroch, A and Kallush, S and Kosloff, R},
  journal={Physical Review A},
  volume={97},
  number={5},
  pages={053405},
  year={2018},
  publisher={APS}
}
